---
---
References
==========
@BOOK{DUMMY:1,
author="John Doe",
title="The Book without Title",
PUBLISHER="Dummy Publisher",
year="2100",
}

@article{DUMMY:2,
	title = {The book with a nice title },
	language = {en},
	author = {Alan Taylor},
	year = "2010",
	url = {https://linkinghub.elsevier.com/retrieve/pii/XIRJJTX},
	doi = {10.1016/j.epsr.2020.112811},
}